@ONLINE{task-description,
    author = {Andreas Steffen},
    title = {{Task Description} ''XMPP-Grid Broker''},
    year = 2017,
    urldate = {2017-09-10},
    howpublished={\url{https://xdg.redbackup.org/documents/task-description.pdf}},
}

@ONLINE{atlassian-opensource,
    author = {{Atlassian Inc.}},
    title = {{Open Source Services by Atlassian Inc.}},
    year = 2017,
    urldate = {2017-09-21},
    howpublished={\url{https://developer.atlassian.com/opensource/}},
}

@ONLINE{github-flow,
    author = {{Github Inc.}},
    title = {{Github Flow}},
    year = 2013,
    urldate = {2017-09-25},
    howpublished={\url{https://guides.github.com/introduction/flow/}},
}