@techreport{ietf-mile-xmpp-grid-05,
    number =	    {draft-ietf-mile-xmpp-grid-05},
    type =		    {Internet-Draft},
    institution =	{Internet Engineering Task Force},
    publisher =	    {Internet Engineering Task Force},
    note =		    {Work in Progress},
    url =		    {https://datatracker.ietf.org/doc/html/draft-ietf-mile-xmpp-grid-05},
    author =	    {Nancy Cam-Winget and Syam Appala and Scott Pope and Peter Saint-Andre},
    title =		    {{Using XMPP for Security Information Exchange}},
    pagetotal =	    23,
    year =		    2018,
    month =		    feb,
    day =		    8,
}
@techreport{ietf-sacm-terminology-14,
    number =	    {draft-ietf-sacm-terminology-14},
    type =		    {Internet-Draft},
    institution =	{Internet Engineering Task Force},
    publisher =	    {Internet Engineering Task Force},
    note =		    {Work in Progress},
    url =		    {https://datatracker.ietf.org/doc/html/draft-ietf-sacm-terminology-14},
    author =	    {Henk Birkholz and Jarrett Lu and John Strassner and Nancy Cam-Winget and Adam W. Montville},
    title =		    {{Security Automation and Continuous Monitoring (SACM) Terminology}},
    pagetotal =	    28,
    year =		    2017,
    month =		    dec,
    day =		    10,
    abstract =	    {This memo documents terminology used in the documents produced by SACM (Security Automation and Continuous Monitoring).},
}
@techreport{ietf-i2nsf-terminology-05,
    number =	    {draft-ietf-i2nsf-terminology-05},
    type =		    {Internet-Draft},
    institution =	{Internet Engineering Task Force},
    publisher =	    {Internet Engineering Task Force},
    note =		    {Work in Progress},
    url =		    {https://datatracker.ietf.org/doc/html/draft-ietf-i2nsf-terminology-05},
    author =	    {Susan Hares and John Strassner and Diego Lopez and Liang Xia and Henk Birkholz},
    title =		    {{Interface to Network Security Functions (I2NSF) Terminology}},
    pagetotal =	    13,
    year =		    2018,
    month =		    jan,
    day =		    3,
    abstract =	    {This document defines a set of terms that are used for the Interface to Network Security Functions (I2NSF) effort.},
}

@book{professional-xmpp,
    author =    {Moffitt, Jack},
    title =     {Professional XMPP Programming with JavaScript and jQuery},
    year =      {2010},
    isbn =      {0470540710, 9780470540718},
    publisher = {Wrox Press Ltd.},
    address =   {Birmingham, UK, UK},
}
@misc{rfc6120,
    series =	    {Request for Comments},
    number =	    6120,
    howpublished =	{RFC 6120},
    publisher =	    {RFC Editor},
    doi =		    {10.17487/RFC6120},
    url =		    {https://rfc-editor.org/rfc/rfc6120.txt},
    author =	    {Peter Saint-Andre},
    title =		    {{Extensible Messaging and Presence Protocol (XMPP): Core}},
    pagetotal =	    211,
    year =		    2011,
    month =		    mar,
}

@misc{xep-0001,
    series =	    {XMPP Extension Protocol},
    number =	    0001,
    howpublished =	{XEP-0001},
    url =		    {http://xmpp.org/extensions/xep-0001.html},
    author =	    {Peter Saint-Andre and Dave Cridland}, 
    title =		    {{XMPP Extension Protocols}},
    year =		    2016,
    month =		    nov,
}

@misc{xep-0004,
    series =	    {XMPP Extension Protocol},
    number =	    0004,
    howpublished =	{XEP-0004},
    url =		    {http://xmpp.org/extensions/xep-0004.html},
    author =	    {Ryan Eatmon and Joe Hildebrand and Jeremie Miller and Thomas Muldowney and Peter Saint-Andre}, 
    title =		    {{Data Forms}},
    year =		    2007,
    month =		    aug,
}

@misc{xep-0030,
    series =	    {XMPP Extension Protocol},
    number =	    0030,
    howpublished =	{XEP-0030},
    url =		    {http://xmpp.org/extensions/xep-0030.html},
    author =	    {Joe Hildebrand and Peter Millard and Ryan Eatmon and Peter Saint-Andre}, 
    title =		    {{Service Discovery}},
    year =		    2017,
    month =		    oct,
}
@misc{xep-0060,
    series =	    {XMPP Extension Protocol},
    number =	    0060,
    howpublished =	{XEP-0060},
    url =		    {http://xmpp.org/extensions/xep-0060.html},
    author =	    {Peter Millard andPeter Saint-Andre and Ralph Meijer}, 
    title =		    {{Publish-Subscribe}},
    year =		    2018,
    month =		    feb,
}
@ARTICLE{ieee-xplore-stream-xml-xmpp,
    author=     {P. Saint-Andre},
    journal=    {IEEE Internet Computing},
    title=      {Streaming XML with Jabber/XMPP},
    year=       {2005},
    volume=     {9},
    number=     {5},
    pages=      {82-89},
    doi=        {10.1109/MIC.2005.110},
    ISSN=       {1089-7801},
    month=      {Sept}
}
